<record><leader>00000cas a22000007a 4500</leader><controlfield tag="001">20316829</controlfield><controlfield tag="008">890908d19741979moudn ne      0    0eng d</controlfield><datafield ind1=" " ind2=" " tag="010"><subfield code="a">sn 89067003 </subfield></datafield><datafield ind1=" " ind2=" " tag="040"><subfield code="a">MQN</subfield><subfield code="b">eng</subfield><subfield code="c">MQN</subfield><subfield code="d">OCLCQ</subfield></datafield><datafield ind1=" " ind2=" " tag="042"><subfield code="a">msc</subfield></datafield><datafield ind1="0" ind2="4" tag="245"><subfield code="a">The Farmington evening press.</subfield></datafield><datafield ind1=" " ind2=" " tag="260"><subfield code="a">Farmington, Mo. :</subfield><subfield code="b">Wit Ledbetter,</subfield><subfield code="c">1974-1979.</subfield></datafield><datafield ind1=" " ind2=" " tag="300"><subfield code="a">v.</subfield></datafield><datafield ind1=" " ind2=" " tag="310"><subfield code="a">Daily (except Sat. &amp; Sun.)</subfield></datafield><datafield ind1="0" ind2=" " tag="362"><subfield code="a">Vol. 46, no. 62 (June 3, 1974)-v. 51, no. 278 (Nov. 30, 1979).</subfield></datafield><datafield ind1=" " ind2=" " tag="500"><subfield code="a">Frequency given incorrectly as semiweekly on June 3, 1974 issue.</subfield></datafield><datafield ind1=" " ind2=" " tag="752"><subfield code="a">United States</subfield><subfield code="b">Missouri</subfield><subfield code="c">Saint Francois</subfield><subfield code="d">Farmington.</subfield></datafield><datafield ind1="0" ind2="0" tag="780"><subfield code="t">Farmington press (Farmington, Mo.)</subfield><subfield code="w">(DLC)sn 87067002</subfield></datafield><datafield ind1="0" ind2="0" tag="785"><subfield code="t">Twice weekly Farmington press</subfield><subfield code="w">(DLC)sn 89067004</subfield></datafield></record>